<record><leader>00000cas a22000007a 4500</leader><controlfield tag="001">12768460</controlfield><controlfield tag="008">851107c19779999wvuwr ne      0    0eng d</controlfield><controlfield tag="009">6116</controlfield><datafield ind1=" " ind2=" " tag="010"><subfield code="a">sn 85059612 </subfield></datafield><datafield ind1=" " ind2=" " tag="040"><subfield code="a">WVC</subfield><subfield code="b">eng</subfield><subfield code="c">WVC</subfield><subfield code="d">DLC</subfield><subfield code="d">OCL</subfield><subfield code="d">OCLCQ</subfield></datafield><datafield ind1="1" ind2=" " tag="029"><subfield code="a">AU@</subfield><subfield code="b">000025096937</subfield></datafield><datafield ind1=" " ind2=" " tag="042"><subfield code="a">msc</subfield></datafield><datafield ind1="0" ind2=" " tag="130"><subfield code="a">Herald record (West Union, W. Va.)</subfield></datafield><datafield ind1="0" ind2="4" tag="245"><subfield code="a">The herald record.</subfield></datafield><datafield ind1=" " ind2=" " tag="260"><subfield code="a">West Union, W. Va. :</subfield><subfield code="b">Herald Record Publ. Co.,</subfield><subfield code="c">1977-</subfield></datafield><datafield ind1=" " ind2=" " tag="300"><subfield code="a">v.</subfield></datafield><datafield ind1=" " ind2=" " tag="310"><subfield code="a">Weekly</subfield></datafield><datafield ind1="0" ind2=" " tag="362"><subfield code="a">Vol. 100, no. 33 (Aug. 16, 1977)-</subfield></datafield><datafield ind1=" " ind2=" " tag="752"><subfield code="a">United States</subfield><subfield code="b">West Virginia</subfield><subfield code="c">Doddridge</subfield><subfield code="d">West Union.</subfield></datafield><datafield ind1="0" ind2="4" tag="780"><subfield code="t">Salem herald (Salem, W.Va. : 1924)</subfield><subfield code="w">(DLC)sn 85059744</subfield></datafield><datafield ind1="0" ind2="4" tag="780"><subfield code="t">West Union record</subfield><subfield code="w">(DLC)sn 85059610</subfield></datafield></record>